<record xmlns="http://www.loc.gov/MARC21/slim" xmlns:xsi="http://www.w3.org/2001/XMLSchema-instance" xsi:schemaLocation="http://www.loc.gov/MARC21/slim http://www.loc.gov/standards/marcxml/schema/MARC21slim.xsd"><leader>     nam a22        4500</leader><controlfield tag="001">3110046</controlfield><controlfield tag="003">NNC</controlfield><controlfield tag="006">m        d        </controlfield><controlfield tag="007">cr cn |||m|||a</controlfield><controlfield tag="008">150316s1854    le      o     001 0 ara d</controlfield><datafield ind1=" " ind2=" " tag="040"><subfield code="a">NNU</subfield><subfield code="b">eng</subfield><subfield code="e">rda</subfield><subfield code="c">NNU</subfield></datafield><datafield ind1="1" ind2=" " tag="100"><subfield code="a">Busta&#772;ni&#772;, But&#803;rus,</subfield><subfield code="d">1819-1883.</subfield></datafield><datafield ind1="1" ind2="0" tag="240"><subfield code="6">880-01</subfield><subfield code="a">Mis&#803;ba&#772;h&#803; &#700;al-t&#803;a&#772;lib fi&#772; bah&#803;t&#65056;h&#65057; &#700;al-mat&#803;a&#772;lib</subfield></datafield><datafield ind1="1" ind2="0" tag="245"><subfield code="a">Kita&#772;b Mis&#803;ba&#772;h&#803; &#700;al-t&#803;a&#772;lib fi&#772; bah&#803;t&#65056;h&#65057; &#700;al-mat&#803;a&#772;lib /</subfield><subfield code="c">lil-mu&#699;allim But&#803;rus &#700;al-Busta&#772;ni&#772; &#700;al-Lubna&#772;ni&#772;.</subfield></datafield><datafield ind1=" " ind2=" " tag="260"><subfield code="a">[Bayru&#772;t],</subfield><subfield code="c">[1854]</subfield></datafield><datafield ind1=" " ind2=" " tag="300"><subfield code="a">online resource (425 pages)</subfield></datafield><datafield ind1=" " ind2=" " tag="336"><subfield code="a">text</subfield><subfield code="2">rdacontent</subfield></datafield><datafield ind1=" " ind2=" " tag="337"><subfield code="a">computer</subfield><subfield code="2">rdamedia</subfield></datafield><datafield ind1=" " ind2=" " tag="338"><subfield code="a">online resource</subfield><subfield code="2">rdacarrier</subfield></datafield><datafield ind1=" " ind2=" " tag="500"><subfield code="a">"Mut&#803;awwal fi&#772; &#700;al-s&#803;arf wa-&#700;al-nah&#803;w wa-&#699;ilm &#700;al-&#699;aru&#772;d&#803; wa-&#700;al-qawa&#772;fi&#772;."</subfield></datafield><datafield ind1=" " ind2=" " tag="500"><subfield code="a">Includes index.</subfield></datafield><datafield ind1=" " ind2=" " tag="500"><subfield code="a">Part of the Arabic Collections Online (ACO) project, contributed by Columbia University Libraries.</subfield></datafield><datafield ind1=" " ind2=" " tag="533"><subfield code="a">Electronic reproduction.</subfield><subfield code="b">New York, N.Y. :</subfield><subfield code="c">New York University,</subfield><subfield code="d">2015.</subfield><subfield code="5">NNU</subfield></datafield><datafield ind1=" " ind2="0" tag="650"><subfield code="a">Arabic language</subfield><subfield code="x">Grammar.</subfield></datafield><datafield ind1=" " ind2="0" tag="650"><subfield code="a">Arabic language</subfield><subfield code="x">Rhetoric.</subfield></datafield><datafield ind1=" " ind2="0" tag="650"><subfield code="a">Arabic language</subfield><subfield code="x">Metrics and rhythmics.</subfield></datafield><datafield ind1=" " ind2="7" tag="650"><subfield code="a">Arabic language</subfield><subfield code="x">Grammar.</subfield><subfield code="2">fast</subfield><subfield code="0">(OCoLC)fst00812341</subfield></datafield><datafield ind1=" " ind2="7" tag="650"><subfield code="a">Arabic language</subfield><subfield code="x">Metrics and rhythmics.</subfield><subfield code="2">fast</subfield><subfield code="0">(OCoLC)fst00812378</subfield></datafield><datafield ind1=" " ind2="7" tag="650"><subfield code="a">Arabic language</subfield><subfield code="x">Rhetoric.</subfield><subfield code="2">fast</subfield><subfield code="0">(OCoLC)fst00812415</subfield></datafield><datafield ind1="2" ind2=" " tag="710"><subfield code="a">Columbia University.</subfield><subfield code="b">Libraries.</subfield></datafield><datafield ind1="0" ind2=" " tag="730"><subfield code="a">Arabic Collections Online.</subfield></datafield><datafield ind1="0" ind2="8" tag="776"><subfield code="i">Online version:</subfield><subfield code="a">Busta&#772;ni&#772;, But&#803;rus, 1819-1883.</subfield><subfield code="s">Mis&#803;ba&#772;h&#803; &#700;al-t&#803;a&#772;lib fi&#772; bah&#803;t&#65056;h&#65057; &#700;al-mat&#803;a&#772;lib.</subfield><subfield code="t">Kita&#772;b Mis&#803;ba&#772;h&#803; &#700;al-t&#803;a&#772;lib fi&#772; bah&#803;t&#65056;h&#65057; &#700;al-mat&#803;a&#772;lib.</subfield><subfield code="d">[Bayru&#772;t, 1854]</subfield><subfield code="w">(OCoLC)655127595</subfield></datafield><datafield ind1="0" ind2="8" tag="776"><subfield code="i">Print version:</subfield><subfield code="a">Busta&#772;ni&#772;, But&#803;rus, 1819-1883.</subfield><subfield code="t">Kita&#772;b Mis&#803;ba&#772;h&#803; &#700;al-t&#803;a&#772;lib fi&#772; bah&#803;t&#65056;h&#65057; &#700;al-mat&#803;a&#772;lib</subfield><subfield code="w">(NNC)3110046</subfield><subfield code="w">(OCoLC)40593202</subfield></datafield><datafield ind1="4" ind2="0" tag="856"><subfield code="u">http://hdl.handle.net/2333.1/8cz8wcr3</subfield></datafield><datafield ind1="1" ind2=" " tag="880"><subfield code="6">100-00/r</subfield><subfield code="a">&#8207;&#1576;&#1587;&#1578;&#1575;&#1606;&#1610;&#1548; &#1576;&#1591;&#1585;&#1587; &#1576;&#1606; &#1576;&#1608;&#1604;&#1587;.</subfield></datafield><datafield ind1="1" ind2="0" tag="880"><subfield code="6">240-01/r</subfield><subfield code="a">&#8207;&#1605;&#1589;&#1576;&#1575;&#1581; &#1575;&#1604;&#1591;&#1575;&#1604;&#1576; &#1601;&#1610; &#1576;&#1581;&#1579; &#1575;&#1604;&#1605;&#1591;&#1575;&#1604;&#1576;</subfield></datafield><datafield ind1="1" ind2="0" tag="880"><subfield code="6">245-00/r</subfield><subfield code="a">&#8207;&#1603;&#1578;&#1575;&#1576; &#1605;&#1589;&#1576;&#1575;&#1581; &#1575;&#1604;&#1591;&#1575;&#1604;&#1576; &#1601;&#1610; &#1576;&#1581;&#1579; &#1575;&#1604;&#1605;&#1591;&#1575;&#1604;&#1576; &#8207;&#8207;&#8207;&#8207; :&#8207;</subfield><subfield code="b">&#8207;&#1605;&#1591;&#1608;&#1604; &#1601;&#1610; &#1575;&#1604;&#1589;&#1585;&#1601; &#1608;&#1575;&#1604;&#1606;&#1581;&#1608; &#1608;&#1593;&#1604;&#1605; &#1575;&#1604;&#1593;&#1585;&#1608;&#1590; &#1608;&#1575;&#1604;&#1602;&#1608;&#1575;&#1601;&#1610; /&#8207;</subfield><subfield code="c">&#8207;&#1604;&#1576;&#1591;&#1585;&#1587; &#1575;&#1604;&#1576;&#1587;&#1578;&#1575;&#1606;&#1610; &#1575;&#1604;&#1604;&#1576;&#1606;&#1575;&#1606;&#1610;.</subfield></datafield><datafield ind1=" " ind2=" " tag="880"><subfield code="6">260-00/r</subfield><subfield code="a">&#8207;[&#1576;&#1610;&#1585;&#1608;&#1578; :&#8207;</subfield><subfield code="b">&#8207;&#1583;.&#1606;.&#1548;&#8207;</subfield><subfield code="c">&#8207;1854]</subfield></datafield><datafield ind1="1" ind2=" " tag="880"><subfield code="6">700-00/r</subfield><subfield code="a">&#8207;&#1601;&#1585;&#1581;&#1575;&#1578;&#1548; &#1580;&#1585;&#1605;&#1575;&#1606;&#1608;&#1587;.&#8207;.</subfield><subfield code="t">&#8207;&#1576;&#1581;&#1579; &#1575;&#1604;&#1605;&#1591;&#1575;&#1604;&#1576; &#1601;&#1610; &#1593;&#1604;&#1605; &#1575;&#1604;&#1593;&#1585;&#1576;&#1610;&#1577;.&#8207;.</subfield><subfield code="f">&#8207;1854.</subfield></datafield><datafield ind1=" " ind2=" " tag="959"><subfield code="a">NNU</subfield><subfield code="b">WEB</subfield><subfield code="c">GENI</subfield><subfield code="t">0</subfield><subfield code="m">Electronic access</subfield><subfield code="s">01</subfield></datafield><datafield ind1=" " ind2=" " tag="999"><subfield code="i">NNC_3110046</subfield><subfield code="o">(OCoLC)ocm40593202 </subfield><subfield code="s">columbia_aco000234</subfield><subfield code="e">(ERROR-880)</subfield></datafield></record>